<?xml version="1.0" encoding="UTF-8"?><collection xmlns="http://www.loc.gov/MARC21/slim"><record><leader>00454nam--2200169-i-4500</leader><controlfield tag="001">000010062</controlfield><controlfield tag="002">20161230</controlfield><controlfield tag="005">20170121224518</controlfield><controlfield tag="008">060222s1000------------r-----000-0-eng-d</controlfield><datafield ind1=" " ind2=" " tag="080"><subfield code="a">621.391</subfield></datafield><datafield ind1=" " ind2=" " tag="100"><subfield code="a">Betts, J. A</subfield></datafield><datafield ind1=" " ind2=" " tag="245"><subfield code="a">Signal processing modulation and noise</subfield></datafield><datafield ind1=" " ind2=" " tag="260"><subfield code="a">London</subfield><subfield code="b">The English Universities Press Ltd</subfield><subfield code="c">1970</subfield></datafield><datafield ind1=" " ind2=" " tag="300"><subfield code="a">XII +292 p</subfield></datafield><datafield ind1=" " ind2=" " tag="490"><subfield code="a">Science And Technology Series</subfield></datafield><datafield ind1=" " ind2=" " tag="852"><subfield code="a">36379</subfield></datafield><datafield ind1=" " ind2=" " tag="CAT"><subfield code="a">SYS</subfield><subfield code="c">20170121</subfield><subfield code="h">224518</subfield></datafield></record></collection>